@book{Kopka,
author = {H. Kopka and P. W. Daly},
title = {A guide to \LaTeX and electronic publishing},
publisher= {Addison-Wesley},
year = {2004},
edition = {4}}

@book{nontiya,
author = {นนธิยา มากะเต and อลงกต สุวรรณมณี and มงคล ทาทอง  and อัคเรศ สิงห์ทา},
title = {การประยุกต์ทฤษฎีกราฟกับงานตารางสอน},
publisher= {มหาวิทยาลัยเทคโนโลยีราชมงคลธัญบุรี},
year = {2556}
}


@ARTICLE{wutt,
	AUTHOR       = "วุฒิพงษ์ ชินศรี and นิดาพรรณ สุรีรัตนันท์ and สรเดช ครุฑจ้อน",
	TITLE        = "การแก้ปัญหาการจัดตารางสอนใน
ระดับมหาวิทยาลัยด้วยเมตาฮิว ริสติก: การทบทวนวรรณกรรม",
	JOURNAL      = "KKU Res. J",
	YEAR         = "2012",
	VOLUME       = "17",
	NUMBER       = "4",
	PAGES        = "639--659"
}